@article{scapy,
  author = {Biondi, Philippe},
  title = {Scapy: Explore the Net with New Eyes},
  journal = {CanSecWest/core05},
  year = {2005},
  url = {https://www.secdev.org/conf/scapy-slides.pdf}
}

@article{fastapi,
  author = {Ramírez, Sebastián},
  title = {FastAPI: A Python Framework for API Development},
  journal = {Medium},
  year = {2020},
  url = {https://medium.com/python-in-plain-english/fastapi-a-python-framework-for-api-development-5a3c70f04d6}
}

@book{ml_security,
  author = {Stamp, Mark},
  title = {Introduction to Machine Learning with Applications in Information Security},
  publisher = {Chapman and Hall/CRC},
  year = {2017},
  isbn = {9781138626782}
}

@inproceedings{anomaly_detection,
  author = {Chandola, Varun and Banerjee, Arindam and Kumar, Vipin},
  title = {Anomaly Detection: A Survey},
  booktitle = {ACM Computing Surveys},
  year = {2009},
  volume = {41},
  number = {3},
  pages = {15:1--15:58},
  doi = {10.1145/1541880.1541882}
}

@article{isolation_forest,
  author = {Liu, Fei Tony and Ting, Kai Ming and Zhou, Zhi-Hua},
  title = {Isolation Forest},
  journal = {IEEE International Conference on Data Mining},
  year = {2008},
  pages = {413--422},
  doi = {10.1109/ICDM.2008.17}
}

@article{network_security,
  author = {Stallings, William},
  title = {Network Security Essentials: Applications and Standards},
  journal = {Pearson Education},
  year = {2016},
  edition = {6th}
}

@inproceedings{deep_packet_inspection,
  author = {Moore, Andrew W. and Papagiannaki, Konstantina},
  title = {Toward the Accurate Identification of Network Applications},
  booktitle = {Passive and Active Network Measurement Workshop (PAM)},
  year = {2005},
  pages = {41--54},
  doi = {10.1007/978-3-540-31966-5_4}
}

@article{docker_security,
  author = {Combe, Theo and Martin, Antony and Di Pietro, Roberto},
  title = {To Docker or Not to Docker: A Security Perspective},
  journal = {IEEE Cloud Computing},
  year = {2016},
  volume = {3},
  number = {5},
  pages = {54--62},
  doi = {10.1109/MCC.2016.100}
}

@inproceedings{ml_network_traffic,
  author = {Wang, Wei and Zhu, Ming and Zeng, Xuewen and Ye, Xiaozhou and Sheng, Yiqiang},
  title = {Malware Traffic Classification Using Convolutional Neural Network for Representation Learning},
  booktitle = {International Conference on Information Networking (ICOIN)},
  year = {2017},
  pages = {712--717},
  doi = {10.1109/ICOIN.2017.7899588}
}

@article{zero_trust,
  author = {Rose, Scott and Borchert, Oliver and Mitchell, Stu and Connelly, Sean},
  title = {Zero Trust Architecture},
  journal = {NIST Special Publication},
  year = {2020},
  volume = {800-207},
  url = {https://nvlpubs.nist.gov/nistpubs/SpecialPublications/NIST.SP.800-207.pdf}
}

@inproceedings{encrypted_traffic,
  author = {Sherry, Justine and Lan, Chang and Popa, Raluca Ada and Ratnasamy, Sylvia},
  title = {BlindBox: Deep Packet Inspection over Encrypted Traffic},
  booktitle = {ACM SIGCOMM Computer Communication Review},
  year = {2015},
  volume = {45},
  number = {4},
  pages = {213--226},
  doi = {10.1145/2785956.2787502}
}

@article{federated_learning,
  author = {McMahan, H. Brendan and Moore, Eider and Ramage, Daniel and Hampson, Seth and Arcas, Blaise Agüera y},
  title = {Communication-Efficient Learning of Deep Networks from Decentralized Data},
  journal = {Proceedings of the 20th International Conference on Artificial Intelligence and Statistics (AISTATS)},
  year = {2017},
  volume = {54},
  pages = {1273--1282}
}

@inproceedings{explainable_ai,
  author = {Lundberg, Scott M. and Lee, Su-In},
  title = {A Unified Approach to Interpreting Model Predictions},
  booktitle = {Advances in Neural Information Processing Systems (NIPS)},
  year = {2017},
  pages = {4765--4774}
}

@article{differential_privacy,
  author = {Dwork, Cynthia},
  title = {Differential Privacy: A Survey of Results},
  journal = {International Conference on Theory and Applications of Models of Computation},
  year = {2008},
  pages = {1--19},
  doi = {10.1007/978-3-540-79228-4_1}
}

@inproceedings{homomorphic_encryption,
  author = {Gentry, Craig},
  title = {Fully Homomorphic Encryption Using Ideal Lattices},
  booktitle = {Proceedings of the 41st Annual ACM Symposium on Theory of Computing (STOC)},
  year = {2009},
  pages = {169--178},
  doi = {10.1145/1536414.1536440}
}

@article{quantum_safe,
  author = {Chen, Lily and Jordan, Stephen and Liu, Yi-Kai and Moody, Dustin and Peralta, Rene and Perlner, Ray and Smith-Tone, Daniel},
  title = {Report on Post-Quantum Cryptography},
  journal = {NIST Internal Report},
  year = {2016},
  volume = {8105},
  doi = {10.6028/NIST.IR.8105}
}

@book{network_performance,
  author = {Kurose, James F. and Ross, Keith W.},
  title = {Computer Networking: A Top-Down Approach},
  publisher = {Pearson},
  year = {2017},
  edition = {7th},
  isbn = {9780133594140}
}

@article{api_security,
  author = {Lo, Benjamin and Sedhain, Srijan and Bodik, Rastislav and Gottschlich, Justin},
  title = {API Security: The Good, The Bad, and The Ugly},
  journal = {arXiv preprint arXiv:2112.13138},
  year = {2021}
}

@inproceedings{threat_intelligence,
  author = {Mavroeidis, Vasileios and Bromander, Siri},
  title = {Cyber Threat Intelligence Model: An Evaluation of Taxonomies, Sharing Standards, and Ontologies within Cyber Threat Intelligence},
  booktitle = {European Intelligence and Security Informatics Conference (EISIC)},
  year = {2017},
  pages = {91--98},
  doi = {10.1109/EISIC.2017.20}
}

@article{cloud_security,
  author = {Fernandes, Diogo A. B. and Soares, Liliana F. B. and Gomes, João V. and Freire, Mário M. and Inácio, Pedro R. M.},
  title = {Security Issues in Cloud Environments: A Survey},
  journal = {International Journal of Information Security},
  year = {2014},
  volume = {13},
  number = {2},
  pages = {113--170},
  doi = {10.1007/s10207-013-0208-7}
}