@article{scapy,
  author = {Biondi, Philippe},
  title = {Scapy: Explorar la Red con Nuevos Ojos},
  journal = {CanSecWest/core05},
  year = {2005},
  url = {https://www.secdev.org/conf/scapy-slides.pdf}
}

@article{fastapi,
  author = {Ramírez, Sebastián},
  title = {FastAPI: Un Framework de Python para Desarrollo de API},
  journal = {Medium},
  year = {2020},
  url = {https://medium.com/python-in-plain-english/fastapi-a-python-framework-for-api-development-5a3c70f04d6}
}

@book{ml_security,
  author = {Stamp, Mark},
  title = {Introducción al Aprendizaje Automático con Aplicaciones en Seguridad de la Información},
  publisher = {Chapman and Hall/CRC},
  year = {2017},
  isbn = {9781138626782}
}

@inproceedings{anomaly_detection,
  author = {Chandola, Varun and Banerjee, Arindam and Kumar, Vipin},
  title = {Detección de Anomalías: Una Encuesta},
  booktitle = {ACM Computing Surveys},
  year = {2009},
  volume = {41},
  number = {3},
  pages = {15:1--15:58},
  doi = {10.1145/1541880.1541882}
}

@article{isolation_forest,
  author = {Liu, Fei Tony and Ting, Kai Ming and Zhou, Zhi-Hua},
  title = {Bosque de Aislamiento},
  journal = {IEEE International Conference on Data Mining},
  year = {2008},
  pages = {413--422},
  doi = {10.1109/ICDM.2008.17}
}

@article{network_security,
  author = {Stallings, William},
  title = {Fundamentos de Seguridad de Red: Aplicaciones y Estándares},
  journal = {Pearson Education},
  year = {2016},
  edition = {6th}
}

@inproceedings{deep_packet_inspection,
  author = {Moore, Andrew W. and Papagiannaki, Konstantina},
  title = {Hacia la Identificación Precisa de Aplicaciones de Red},
  booktitle = {Passive and Active Network Measurement Workshop (PAM)},
  year = {2005},
  pages = {41--54},
  doi = {10.1007/978-3-540-31966-5_4}
}

@article{docker_security,
  author = {Combe, Theo and Martin, Antony and Di Pietro, Roberto},
  title = {Docker o No Docker: Una Perspectiva de Seguridad},
  journal = {IEEE Cloud Computing},
  year = {2016},
  volume = {3},
  number = {5},
  pages = {54--62},
  doi = {10.1109/MCC.2016.100}
}

@article{zero_trust,
  author = {Rose, Scott and Borchert, Oliver and Mitchell, Stu and Connelly, Sean},
  title = {Arquitectura de Confianza Cero},
  journal = {NIST Special Publication},
  year = {2020},
  volume = {800-207},
  url = {https://nvlpubs.nist.gov/nistpubs/SpecialPublications/NIST.SP.800-207.pdf}
}